<record><leader>00000cas a22000007a 4500</leader><controlfield tag="001">26563544</controlfield><controlfield tag="008">920909d18881uuuncuwr ne      0    0eng d</controlfield><datafield ind1=" " ind2=" " tag="010"><subfield code="a">sn 92073190 </subfield></datafield><datafield ind1=" " ind2=" " tag="040"><subfield code="a">NVJ</subfield><subfield code="b">eng</subfield><subfield code="c">NVJ</subfield><subfield code="d">OCLCQ</subfield></datafield><datafield ind1=" " ind2=" " tag="042"><subfield code="a">msc</subfield></datafield><datafield ind1="0" ind2="4" tag="245"><subfield code="a">The News and advocate.</subfield></datafield><datafield ind1="1" ind2="3" tag="246"><subfield code="a">News and alliance advocate</subfield></datafield><datafield ind1=" " ind2=" " tag="260"><subfield code="a">Yanceyville, N.C. :</subfield><subfield code="b">W.H. Thompson</subfield></datafield><datafield ind1=" " ind2=" " tag="300"><subfield code="a">v.</subfield></datafield><datafield ind1=" " ind2=" " tag="310"><subfield code="a">Weekly</subfield></datafield><datafield ind1="1" ind2=" " tag="362"><subfield code="a">Began in 1888.</subfield></datafield><datafield ind1=" " ind2=" " tag="588"><subfield code="a">Description based on: Vol. 4, no. 52 (Dec. 19, 1888).</subfield></datafield><datafield ind1=" " ind2=" " tag="752"><subfield code="a">United States</subfield><subfield code="b">North Carolina</subfield><subfield code="c">Caswell</subfield><subfield code="d">Yanceyville.</subfield></datafield><datafield ind1="0" ind2="0" tag="780"><subfield code="t">Caswell news, and alliance advocate</subfield><subfield code="w">(DLC)sn 92073189</subfield></datafield></record>